<?xml version="1.0" encoding="UTF-8"?><collection xmlns="http://www.loc.gov/MARC21/slim"><record><leader>00559nam--2200181-u-4500</leader><controlfield tag="001">000054830</controlfield><controlfield tag="002">20161230</controlfield><controlfield tag="005">20161230201051</controlfield><controlfield tag="008">120618s1000------------r-----000-0-eng-d</controlfield><datafield ind1=" " ind2=" " tag="040"><subfield code="a">IFIN-HH</subfield></datafield><datafield ind1=" " ind2=" " tag="080"><subfield code="a">539.172.17:539.171.6(075.4)</subfield></datafield><datafield ind1="1" ind2=" " tag="100"><subfield code="a">Ceausescu, Valentin</subfield></datafield><datafield ind1="1" ind2=" " tag="245"><subfield code="a">Heavy ion physics</subfield><subfield code="b">Predeal internantional summer school 1976</subfield><subfield code="c">Valentin ceausescu, i.a. dorobantu (eds.)</subfield></datafield><datafield ind1=" " ind2=" " tag="260"><subfield code="a">Bucharest</subfield><subfield code="b">Central Institute Of Physics</subfield><subfield code="c">1977</subfield></datafield><datafield ind1=" " ind2=" " tag="300"><subfield code="a">589P</subfield></datafield><datafield ind1="1" ind2=" " tag="700"><subfield code="a">Dorobantu, I.A</subfield><subfield code="e">Ed</subfield></datafield><datafield ind1=" " ind2=" " tag="852"><subfield code="a">44751</subfield><subfield code="c">539.17</subfield></datafield><datafield ind1=" " ind2=" " tag="CAT"><subfield code="a">Sys</subfield><subfield code="c">20120618</subfield><subfield code="h">114916</subfield></datafield></record></collection>